<?xml version="1.0" encoding="UTF-8" ?>
<marc:record xmlns:marc="http://www.loc.gov/MARC21/slim">
<marc:leader>00782cas a2200193   4500</marc:leader>
<marc:controlfield tag="001">198714</marc:controlfield>

<marc:controlfield tag="008">930226s1837                        fre  </marc:controlfield>

<marc:datafield tag="035" ind1=" " ind2=" ">
<marc:subfield code="a">(Sirsi) 198714</marc:subfield>
</marc:datafield>

<marc:datafield tag="041" ind1=" " ind2=" ">
<marc:subfield code="a">fre</marc:subfield>
</marc:datafield>

<marc:datafield tag="100" ind1="1" ind2=" ">
<marc:subfield code="a">Puvis, Marc Antoine,</marc:subfield>
<marc:subfield code="d">1776-1851</marc:subfield>
</marc:datafield>

<marc:datafield tag="245" ind1="1" ind2="0">
<marc:subfield code="a">De la dégénération et de l'extinction des variétés de végétaux propagés par les greffes, boutures, tubercules, etc., et de la création des variétés nouvelles par les croisemens et les semis /</marc:subfield>
<marc:subfield code="c">par M.-A. Puvis </marc:subfield>
</marc:datafield>

<marc:datafield tag="260" ind1=" " ind2=" ">
<marc:subfield code="a">Paris :</marc:subfield>
<marc:subfield code="b">Huzard ;</marc:subfield>
<marc:subfield code="a">Bourg :</marc:subfield>
<marc:subfield code="b">Bottier,</marc:subfield>
<marc:subfield code="c">1837 </marc:subfield>
</marc:datafield>

<marc:datafield tag="300" ind1=" " ind2=" ">
<marc:subfield code="a">94 p. ;</marc:subfield>
<marc:subfield code="c">23 cm. </marc:subfield>
</marc:datafield>

<marc:datafield tag="546" ind1=" " ind2=" ">
<marc:subfield code="a">Text in French. </marc:subfield>
</marc:datafield>

<marc:datafield tag="592" ind1=" " ind2=" ">
<marc:subfield code="a">Scanned for Darwin Library and BHL. </marc:subfield>
</marc:datafield>

<marc:datafield tag="596" ind1=" " ind2=" ">
<marc:subfield code="a">1 </marc:subfield>
</marc:datafield>

<marc:controlfield tag="001">Catkey 101189 </marc:controlfield>

<marc:datafield tag="590" ind1="1" ind2=" ">
<marc:subfield code="a">Itemid 310277 </marc:subfield>
</marc:datafield>

<marc:datafield tag="999" ind1=" " ind2=" ">
<marc:subfield code="a">581.16 PUV</marc:subfield>
<marc:subfield code="w">UDC</marc:subfield>
<marc:subfield code="c">1</marc:subfield>
<marc:subfield code="i">310277</marc:subfield>
<marc:subfield code="d">27/3/1998</marc:subfield>
<marc:subfield code="l">SHELVES</marc:subfield>
<marc:subfield code="m">BOTANY</marc:subfield>
<marc:subfield code="r">Y</marc:subfield>
<marc:subfield code="s">Y</marc:subfield>
<marc:subfield code="t">BOOK</marc:subfield>
<marc:subfield code="u">27/3/1998</marc:subfield>
<marc:subfield code="x">MAIN </marc:subfield>
</marc:datafield>

</marc:record>
